@article{Murty2024,
	title = {A simple proof of the {Wiener}–{Ikehara} {Tauberian} {Theorem}},
	volume = {42},
	issn = {0723-0869},
	url = {https://www.sciencedirect.com/science/article/pii/S0723086924000379},
	doi = {10.1016/j.exmath.2024.125570},
	abstract = {The Wiener–Ikehara Tauberian theorem is an important theorem giving an asymptotic formula for the sum of coefficients of a Dirichlet series ∑n=1∞a(n)ns. We provide a simple and elegant proof of the Wiener–Ikehara Tauberian theorem which relies only on basic Fourier analysis and known estimates for the given Dirichlet series. This method also allows us to derive a version of the Wiener–Ikehara theorem with an error term.},
	number = {3},
	urldate = {2024-05-07},
	journal = {Expositiones Mathematicae},
	author = {Murty, M. Ram and Sahoo, Jagannath and Vatwani, Akshaa},
	month = may,
	year = {2024},
	keywords = {Fourier analysis, Tauberian theorems, The Wiener–Ikehara theorem},
}


@book {Apostol76,
    AUTHOR = {Apostol, Tom M.},
     TITLE = {Introduction to analytic number theory},
    SERIES = {Undergraduate Texts in Mathematics},
 PUBLISHER = {Springer-Verlag, New York-Heidelberg},
      YEAR = {1976},
     PAGES = {xii+338},
   MRCLASS = {10-01 (10AXX 10HXX)},
  MRNUMBER = {434929},
MRREVIEWER = {E.\ Grosswald},
}

@article{Lopez2023,
  title={Picard Groups of Stacky Curves},
  author={Lopez, Rose},
  journal={arXiv preprint arXiv:2306.08227},
  year={2023}
}

@article {Cesnavicius17,
    AUTHOR = {\v{C}esnavi\v{c}ius, K\polhk{e}stutis},
     TITLE = {A modular description of {$\mathcal{X}_0(n)$}},
   JOURNAL = {Algebra Number Theory},
  FJOURNAL = {Algebra \& Number Theory},
    VOLUME = {11},
      YEAR = {2017},
    NUMBER = {9},
     PAGES = {2001--2089},
      ISSN = {1937-0652,1944-7833},
   MRCLASS = {14D23 (11G18 14D22 14G35)},
  MRNUMBER = {3735461},
MRREVIEWER = {Rolf\ Berndt},
       DOI = {10.2140/ant.2017.11.2001},
       URL = {https://doi.org/10.2140/ant.2017.11.2001},
}

@article {Maier09,
    AUTHOR = {Maier, Robert S.},
     TITLE = {On rationally parametrized modular equations},
   JOURNAL = {J. Ramanujan Math. Soc.},
  FJOURNAL = {Journal of the Ramanujan Mathematical Society},
    VOLUME = {24},
      YEAR = {2009},
    NUMBER = {1},
     PAGES = {1--73},
      ISSN = {0970-1249,2320-3110},
   MRCLASS = {11F03 (11F20 33C05)},
  MRNUMBER = {2514149},
}

@misc{halberstadt21,
  TITLE = {{Calculs explicites sur les courbes modulaires}},
  AUTHOR = {Halberstadt, Emmanuel},
  URL = {https://hal.science/hal-03149641},
  NOTE = {Les pr{\'e}sentes notes constituent une introduction {\'e}l{\'e}mentaire aux courbes modulaires},
  YEAR = {2021},
  MONTH = Feb,
  KEYWORDS = {Courbes modulaires ; courbes elliptiques},
  PDF = {https://hal.science/hal-03149641/file/Courbes%20modulaires.pdf},
  HAL_ID = {hal-03149641},
  HAL_VERSION = {v1},
}

@incollection {CL&T01,
    AUTHOR = {Chambert-Loir, Antoine and Tschinkel, Yuri},
     TITLE = {Fonctions z\^{e}ta des hauteurs des espaces fibr\'{e}s},
 BOOKTITLE = {Rational points on algebraic varieties},
    SERIES = {Progr. Math.},
    VOLUME = {199},
     PAGES = {71--115},
 PUBLISHER = {Birkh\"{a}user, Basel},
      YEAR = {2001},
      ISBN = {3-7643-6612-5},
   MRCLASS = {11G50 (11G35 14G05 14G10 14G40)},
  MRNUMBER = {1875171},
MRREVIEWER = {Matthias\ Strauch},
}

@book{T15,
    AUTHOR = {Tenenbaum, G\'{e}rald},
     TITLE = {Introduction to analytic and probabilistic number theory},
    SERIES = {Graduate Studies in Mathematics},
    VOLUME = {163},
   EDITION = {Third},
   EDITION = {French},
 PUBLISHER = {American Mathematical Society, Providence, RI},
      YEAR = {2015},
     PAGES = {xxiv+629},
      ISBN = {978-0-8218-9854-3},
   MRCLASS = {11-02 (11Kxx 11Mxx 11Nxx)},
  MRNUMBER = {3363366},
       DOI = {10.1090/gsm/163},
       URL = {https://doi.org/10.1090/gsm/163},
}

@article {dlBT21,
    AUTHOR = {de la Bret\`eche, R\'{e}gis and Tenenbaum, G\'{e}rald},
     TITLE = {Remarks on the {S}elberg-{D}elange method},
   JOURNAL = {Acta Arith.},
  FJOURNAL = {Acta Arithmetica},
    VOLUME = {200},
      YEAR = {2021},
    NUMBER = {4},
     PAGES = {349--369},
      ISSN = {0065-1036,1730-6264},
   MRCLASS = {11N37},
  MRNUMBER = {4331908},
MRREVIEWER = {Todd\ Molnar},
       DOI = {10.4064/aa201024-26-5},
       URL = {https://doi.org/10.4064/aa201024-26-5},
}

@article {PSS07,
    AUTHOR = {Poonen, Bjorn and Schaefer, Edward F. and Stoll, Michael},
     TITLE = {Twists of {$X(7)$} and primitive solutions to {$x^2+y^3=z^7$}},
   JOURNAL = {Duke Math. J.},
  FJOURNAL = {Duke Mathematical Journal},
    VOLUME = {137},
      YEAR = {2007},
    NUMBER = {1},
     PAGES = {103--158},
      ISSN = {0012-7094,1547-7398},
   MRCLASS = {11G30 (11D41 11G18)},
  MRNUMBER = {2309145},
MRREVIEWER = {Henri\ Darmon},
       DOI = {10.1215/S0012-7094-07-13714-1},
       URL = {https://doi.org/10.1215/S0012-7094-07-13714-1},
}

@article{MV22,
    AUTHOR = {Molnar, G. and Voight, J.},
     TITLE = {{Counting elliptic curves over the rationals with a 7-isogeny}},
    journal = {arXiv:2212.11354},
      YEAR = {2022},
}

@article {ESZB23,
    AUTHOR = {Ellenberg, Jordan S. and Satriano, Matthew and Zureick-Brown,
              David},
     TITLE = {Heights on stacks and a generalized {B}atyrev-{M}anin-{M}alle
              conjecture},
   JOURNAL = {Forum Math. Sigma},
  FJOURNAL = {Forum of Mathematics. Sigma},
    VOLUME = {11},
      YEAR = {2023},
     PAGES = {Paper No. e14, 54},
   MRCLASS = {11G50 (11G35 14D23 14G05 14G25 14G40)},
  MRNUMBER = {4557890},
       DOI = {10.1017/fms.2023.5},
       URL = {https://doi.org/10.1017/fms.2023.5},
}

@article{HT11,
    AUTHOR = {Hayato, Saito and Tomohiko, Suda},
     TITLE = {{An explicit structure of the graded ring of modular forms of
small level}},
    journal = {arXiv:11108.3933},
      YEAR = {2011},
}

@article{BS20,
    AUTHOR = {Boggess, Brandon. and Sankar, Soumya.},
     TITLE = {{Counting elliptic curves with a rational n-isogeny for small n}},
    journal = {arXiv: 2009.05223},
      YEAR = {2020},
}

@misc{M24,
    title={Counting elliptic curves with a cyclic $m$-isogeny over $\mathbb{Q}$}, 
    author={Grant Molnar},
    year={2024},
    eprint={2401.06815},
    archivePrefix={arXiv},
    primaryClass={math.NT}
}

@article{Landau1912,
    author = {Landau, Edmund},
    journal = {Nachrichten von der Gesellschaft der Wissenschaften zu Göttingen, Mathematisch-Physikalische Klasse},
    pages = {209-243},
    title = {Über die Anzahl der Gitterpunkte in geweissen Bereichen},
    url = {http://eudml.org/doc/58848},
    volume = {1912},
    year = {1912},
}

@phdthesis{Roux11,
  title={Th{\'e}orie de l'information, s{\'e}ries de Dirichlet, et analyse d'algorithmes},
  author={Roux, Mathieu},
  year={2011},
  school={Universit{\'e} de caen}
}

@article{Lang94,
    author = {Lang, Serge},
    title = {Algebraic Number Theory},
    journal = {Graduate Texts in Mathematics},
    year = {1994}
}

@article{EH99,
    author = {Erdos, P. and Hall, R.},
    title = {On the angular distribution of Gaussian integers wiht fixed norm},
    journal = {Discrete Mathematics},
    volume = {200},
    number = {1-3},
    pages = {87--94},
    year = {1999}
}

@article{ET48,
    author = {Erdos, P. and Turan, P.},
    title = {On a problem in the theory of uniform distribution I, II},
    journal = {Proc. Kon. Ned. Acad.},
    volume = {51},
    pages = {1146--1154, 1262--1269},
    year = {1948}
}

@article{Ku50,
    author = {Kubilius, J.},
    title = {The distribution of Gaussian primes in sectors and contours},
    journal = {Leningrad Gos. Univ. Uc. Zap. 137 Ser. Mat. Nauk 19},
    pages = {40--52},
    year = {1950}
}

@article {LM55,
    AUTHOR = {Lambek, J. and Moser, L.},
     TITLE = {On the distribution of {P}ythagorean triangles},
   JOURNAL = {Pacific J. Math.},
  FJOURNAL = {Pacific Journal of Mathematics},
    VOLUME = {5},
      YEAR = {1955},
     PAGES = {73--83},
      ISSN = {0030-8730},
   MRCLASS = {10.0X},
  MRNUMBER = {67911},
MRREVIEWER = {D. H. Lehmer},
       URL = {http://projecteuclid.org/euclid.pjm/1103044610},
}

@MISC{Stacks,
    shorthand    = {Stacks},
    author       = {The {Stacks Project Authors}},
    title        = {\textit{Stacks Project}},
    howpublished = {\url{https://stacks.math.columbia.edu}},
    year         = {2024},
}

@incollection {AH11,
    AUTHOR = {Abramovich, Dan and Hassett, Brendan},
     TITLE = {Stable varieties with a twist},
 BOOKTITLE = {Classification of algebraic varieties},
    SERIES = {EMS Ser. Congr. Rep.},
     PAGES = {1--38},
 PUBLISHER = {Eur. Math. Soc., Z\"{u}rich},
      YEAR = {2011},
   MRCLASS = {14D23 (14D22 14E30 14J10)},
  MRNUMBER = {2779465},
MRREVIEWER = {Arvid Perego},
       DOI = {10.4171/007-1/1},
       URL = {https://doi-org.proxy.lib.uwaterloo.ca/10.4171/007-1/1},
}

@book {Olsson16,
    AUTHOR = {Olsson, Martin},
     TITLE = {Algebraic spaces and stacks},
    SERIES = {American Mathematical Society Colloquium Publications},
    VOLUME = {62},
 PUBLISHER = {American Mathematical Society, Providence, RI},
      YEAR = {2016},
     PAGES = {xi+298},
      ISBN = {978-1-4704-2798-6},
   MRCLASS = {14D23 (14D22)},
  MRNUMBER = {3495343},
MRREVIEWER = {Stefan Schr\"{o}er},
       DOI = {10.1090/coll/062},
       URL = {https://doi-org.proxy.lib.uwaterloo.ca/10.1090/coll/062},
}

@book {LMB00,
    AUTHOR = {Laumon, G\'{e}rard and Moret-Bailly, Laurent},
     TITLE = {Champs alg\'{e}briques},
    SERIES = {Ergebnisse der Mathematik und ihrer Grenzgebiete. 3. Folge. A
              Series of Modern Surveys in Mathematics [Results in
              Mathematics and Related Areas. 3rd Series. A Series of Modern
              Surveys in Mathematics]},
    VOLUME = {39},
 PUBLISHER = {Springer-Verlag, Berlin},
      YEAR = {2000},
     PAGES = {xii+208},
      ISBN = {3-540-65761-4},
   MRCLASS = {14A20 (14D20)},
  MRNUMBER = {1771927},
MRREVIEWER = {Dan Edidin},
}

@article {KM97,
    AUTHOR = {Keel, Se\'{a}n and Mori, Shigefumi},
     TITLE = {Quotients by groupoids},
   JOURNAL = {Ann. of Math. (2)},
  FJOURNAL = {Annals of Mathematics. Second Series},
    VOLUME = {145},
      YEAR = {1997},
    NUMBER = {1},
     PAGES = {193--213},
      ISSN = {0003-486X},
   MRCLASS = {14D25 (14L30)},
  MRNUMBER = {1432041},
MRREVIEWER = {Andrzej Bia\l ynicki-Birula},
       DOI = {10.2307/2951828},
       URL = {https://doi-org.proxy.lib.uwaterloo.ca/10.2307/2951828},
}

@article{Cohen18,
    AUTHOR = {Cohen, Henri},
    TITLE = {Computational Number Theory in Relation with
L-Functions},
    JOURNAL = {Arxiv},
    YEAR = {2018},
    PAGES = {71--72},
    URL = {https://arxiv.org/pdf/1809.10904.pdf}
}

@book{MV06,
    AUTHOR = {Montgomery, Hugh and Vaughan, Robert},
    TITLE = {Multiplicative Number theory 1. Classical Theory: Cambridge studies in advanced mathematics 97},
    PUBLISHER = {Cambridge University Press},
    YEAR = {2006}
}

@article {GK19,
    AUTHOR = {Granville, Andrew and Koukoulopoulos, Dimitris},
     TITLE = {Beyond the {LSD} method for the partial sums of multiplicative
              functions},
   JOURNAL = {Ramanujan J.},
  FJOURNAL = {Ramanujan Journal. An International Journal Devoted to the
              Areas of Mathematics Influenced by Ramanujan},
    VOLUME = {49},
      YEAR = {2019},
    NUMBER = {2},
     PAGES = {287--319},
      ISSN = {1382-4090,1572-9303},
   MRCLASS = {11N37},
  MRNUMBER = {3949071},
MRREVIEWER = {Pieter\ Moree},
       DOI = {10.1007/s11139-018-0119-3},
       URL = {https://doi.org/10.1007/s11139-018-0119-3},
}

@book {MV07,
    AUTHOR = {Montgomery, Hugh L. and Vaughan, Robert C.},
     TITLE = {Multiplicative number theory. {I}. {C}lassical theory},
    SERIES = {Cambridge Studies in Advanced Mathematics},
    VOLUME = {97},
 PUBLISHER = {Cambridge University Press, Cambridge},
      YEAR = {2007},
     PAGES = {xviii+552},
      ISBN = {978-0-521-84903-6; 0-521-84903-9},
   MRCLASS = {11-02 (11-01 11M06 11M26 11M45 11N05 11N37)},
  MRNUMBER = {2378655},
MRREVIEWER = {Wolfgang\ Schwarz},
}

@article {AOV08,
    AUTHOR = {Abramovich, Dan and Olsson, Martin and Vistoli, Angelo},
     TITLE = {Tame stacks in positive characteristic},
   JOURNAL = {Ann. Inst. Fourier (Grenoble)},
  FJOURNAL = {Universit\'{e} de Grenoble. Annales de l'Institut Fourier},
    VOLUME = {58},
      YEAR = {2008},
    NUMBER = {4},
     PAGES = {1057--1091},
      ISSN = {0373-0956,1777-5310},
   MRCLASS = {14A20 (14L15)},
  MRNUMBER = {2427954},
MRREVIEWER = {Hsian-Hua\ Tseng},
       URL = {http://aif.cedram.org/item?id=AIF_2008__58_4_1057_0},
}

@article {AHR20,
    AUTHOR = {Alper, Jarod and Hall, Jack and Rydh, David},
     TITLE = {A {L}una \'{e}tale slice theorem for algebraic stacks},
   JOURNAL = {Ann. of Math. (2)},
  FJOURNAL = {Annals of Mathematics. Second Series},
    VOLUME = {191},
      YEAR = {2020},
    NUMBER = {3},
     PAGES = {675--738},
      ISSN = {0003-486X,1939-8980},
   MRCLASS = {14D23 (14A20 14F20 14L24 14L30)},
  MRNUMBER = {4088350},
MRREVIEWER = {Martin\ Ulirsch},
       DOI = {10.4007/annals.2020.191.3.1},
       URL = {https://doi.org/10.4007/annals.2020.191.3.1},
}

@article {HP23,
    AUTHOR = {Han, Changho and Park, Jun-Yong},
     TITLE = {Enumerating odd-degree hyperelliptic curves and abelian
              surfaces over {${\Bbb {P}}^1$}},
   JOURNAL = {Math. Z.},
  FJOURNAL = {Mathematische Zeitschrift},
    VOLUME = {304},
      YEAR = {2023},
    NUMBER = {1},
     PAGES = {Paper No. 5, 32},
      ISSN = {0025-5874,1432-1823},
   MRCLASS = {14G10 (11G10 11G30 11N45 14D23 14N10)},
  MRNUMBER = {4568998},
       DOI = {10.1007/s00209-023-03260-3},
       URL = {https://doi.org/10.1007/s00209-023-03260-3},
}

@article{Walfisz36,
author = {Walfisz, A.},
journal = {Mathematische Zeitschrift},
pages = {592-607},
title = {Zur additiven Zahlentheorie II},
url = {http://eudml.org/doc/168631},
volume = {40},
year = {1936},
}

@incollection {DR73,
    AUTHOR = {Deligne, P. and Rapoport, M.},
     TITLE = {Les sch\'{e}mas de modules de courbes elliptiques.},
 BOOKTITLE = {Modular functions of one variable, {II} ({P}roc. {I}nternat.
              {S}ummer {S}chool, {U}niv. {A}ntwerp, {A}ntwerp, 1972),},
    SERIES = {Lecture Notes in Math., Vol. 349,},
     PAGES = {143--316},
 PUBLISHER = {, },
      YEAR = {1973},
   MRCLASS = {14K10 (10D05)},
  MRNUMBER = {337993},
MRREVIEWER = {T.\ Oda},
}

@book {Silverman86,
    AUTHOR = {Silverman, Joseph H.},
     TITLE = {The arithmetic of elliptic curves},
    SERIES = {Graduate Texts in Mathematics},
    VOLUME = {106},
 PUBLISHER = {Springer-Verlag, New York},
      YEAR = {1986},
     PAGES = {xii+400},
      ISBN = {0-387-96203-4},
   MRCLASS = {11G05 (14Gxx 14K07 14K15)},
  MRNUMBER = {817210},
MRREVIEWER = {Robert\ S.\ Rumely},
       DOI = {10.1007/978-1-4757-1920-8},
       URL = {https://doi.org/10.1007/978-1-4757-1920-8},
}

@book {Silverman94,
    AUTHOR = {Silverman, Joseph H.},
     TITLE = {Advanced topics in the arithmetic of elliptic curves},
    SERIES = {Graduate Texts in Mathematics},
    VOLUME = {151},
 PUBLISHER = {Springer-Verlag, New York},
      YEAR = {1994},
     PAGES = {xiv+525},
      ISBN = {0-387-94328-5},
   MRCLASS = {11G05 (11G07 11G15 11G40 14H52)},
  MRNUMBER = {1312368},
MRREVIEWER = {Henri\ Darmon},
       DOI = {10.1007/978-1-4612-0851-8},
       URL = {https://doi.org/10.1007/978-1-4612-0851-8},
}

@article {VZB22,
    AUTHOR = {Voight, John and Zureick-Brown, David},
     TITLE = {The canonical ring of a stacky curve},
   JOURNAL = {Mem. Amer. Math. Soc.},
  FJOURNAL = {Memoirs of the American Mathematical Society},
    VOLUME = {277},
      YEAR = {2022},
    NUMBER = {1362},
     PAGES = {v+144},
      ISSN = {0065-9266,1947-6221},
      ISBN = {978-1-4704-5228-5; 978-1-4704-7094-4},
   MRCLASS = {14Q05 (11F11 13P10 14H10)},
  MRNUMBER = {4403928},
MRREVIEWER = {Robin\ Zhang},
       DOI = {10.1090/memo/1362},
       URL = {https://doi.org/10.1090/memo/1362},
}

@misc{DY22,
      title={The Batyrev-Manin conjecture for DM stacks}, 
      author={Ratko Darda and Takehiko Yasuda},
      year={2022},
      eprint={2207.03645},
      archivePrefix={arXiv},
      primaryClass={math.NT}
}

@article {Conrad07,
    AUTHOR = {Conrad, Brian},
     TITLE = {Arithmetic moduli of generalized elliptic curves},
   JOURNAL = {J. Inst. Math. Jussieu},
  FJOURNAL = {Journal of the Institute of Mathematics of Jussieu. JIMJ.
              Journal de l'Institut de Math\'{e}matiques de Jussieu},
    VOLUME = {6},
      YEAR = {2007},
    NUMBER = {2},
     PAGES = {209--278},
      ISSN = {1474-7480,1475-3030},
   MRCLASS = {11G18 (11F25 14G22)},
  MRNUMBER = {2311664},
MRREVIEWER = {Mihran\ Papikian},
       DOI = {10.1017/S1474748006000089},
       URL = {https://doi.org/10.1017/S1474748006000089},
}

@article {BM90,
    AUTHOR = {Batyrev, V. V. and Manin, Yu. I.},
     TITLE = {Sur le nombre des points rationnels de hauteur born\'{e} des
              vari\'{e}t\'{e}s alg\'{e}briques},
   JOURNAL = {Math. Ann.},
  FJOURNAL = {Mathematische Annalen},
    VOLUME = {286},
      YEAR = {1990},
    NUMBER = {1-3},
     PAGES = {27--43},
      ISSN = {0025-5831,1432-1807},
   MRCLASS = {11G35 (14G10 14G40)},
  MRNUMBER = {1032922},
MRREVIEWER = {Marc\ Hindry},
       DOI = {10.1007/BF01453564},
       URL = {https://doi.org/10.1007/BF01453564},
}

@article {Ols06,
    AUTHOR = {Olsson, Martin C.},
     TITLE = {{$\underline {\rm Hom}$}-stacks and restriction of scalars},
   JOURNAL = {Duke Math. J.},
  FJOURNAL = {Duke Mathematical Journal},
    VOLUME = {134},
      YEAR = {2006},
    NUMBER = {1},
     PAGES = {139--164},
      ISSN = {0012-7094,1547-7398},
   MRCLASS = {14A20 (14D20)},
  MRNUMBER = {2239345},
MRREVIEWER = {Thomas\ Nevins},
       DOI = {10.1215/S0012-7094-06-13414-2},
       URL = {https://doi.org/10.1215/S0012-7094-06-13414-2},
}

@article {Yasuda06,
    AUTHOR = {Yasuda, Takehiko},
     TITLE = {Motivic integration over {D}eligne-{M}umford stacks},
   JOURNAL = {Adv. Math.},
  FJOURNAL = {Advances in Mathematics},
    VOLUME = {207},
      YEAR = {2006},
    NUMBER = {2},
     PAGES = {707--761},
      ISSN = {0001-8708,1090-2082},
   MRCLASS = {14A20 (14B10)},
  MRNUMBER = {2271984},
MRREVIEWER = {Julien\ Sebag},
       DOI = {10.1016/j.aim.2006.01.004},
       URL = {https://doi.org/10.1016/j.aim.2006.01.004},
}

@misc{BPS22,
      title={Height moduli on cyclotomic stacks and counting elliptic curves over function fields}, 
      author={Dori Bejleri and Jun-Yong Park and Matthew Satriano},
      year={2022},
      eprint={2210.04450},
      archivePrefix={arXiv},
      primaryClass={math.NT}
}

@article {BR86,
    AUTHOR = {Beltrametti, Mauro and Robbiano, Lorenzo},
     TITLE = {Introduction to the theory of weighted projective spaces},
   JOURNAL = {Exposition. Math.},
  FJOURNAL = {Expositiones Mathematicae. International Journal for Pure and
              Applied Mathematics},
    VOLUME = {4},
      YEAR = {1986},
    NUMBER = {2},
     PAGES = {111--162},
      ISSN = {0723-0869},
   MRCLASS = {14M99 (14-02 14J99)},
  MRNUMBER = {879909},
MRREVIEWER = {Loring\ Tu},
}

@book {Serre89,
    AUTHOR = {Serre, Jean-Pierre},
     TITLE = {Lectures on the {M}ordell-{W}eil theorem},
    SERIES = {Aspects of Mathematics},
    VOLUME = {E15},
    EDITOR = {Brown, Martin and Waldschmidt, Michel},
 PUBLISHER = {Friedr. Vieweg \& Sohn, Braunschweig},
      YEAR = {1989},
     PAGES = {x+218},
      ISBN = {3-528-08968-7},
   MRCLASS = {11G10 (11D41 11G30 14Gxx)},
  MRNUMBER = {1002324},
MRREVIEWER = {Joseph\ H.\ Silverman},
       DOI = {10.1007/978-3-663-14060-3},
       URL = {https://doi.org/10.1007/978-3-663-14060-3},
}

@article {GS17,
    AUTHOR = {Geraschenko, Anton and Satriano, Matthew},
     TITLE = {A ``bottom up'' characterization of smooth {D}eligne-{M}umford
              stacks},
   JOURNAL = {Int. Math. Res. Not. IMRN},
  FJOURNAL = {International Mathematics Research Notices. IMRN},
      YEAR = {2017},
    NUMBER = {21},
     PAGES = {6469--6483},
      ISSN = {1073-7928,1687-0247},
   MRCLASS = {14A20},
  MRNUMBER = {3719470},
MRREVIEWER = {Hsian-Hua\ Tseng},
       DOI = {10.1093/imrn/rnw201},
       URL = {https://doi.org/10.1093/imrn/rnw201},
}